% Encoding: UTF-8

@Conference{ICF,
  author = {Piotr Dollár and Zhuowen Tu and Pietro Perona and Serge Belongie},
  title  = {Integral Channel Features},
  year   = {2009},
}

@Conference{Perronnin2010,
  author    = {Florent Perronnin and Jorge Sánchez and Thomas Mensink},
  title     = {Improving the Fisher Kernel for Large-Scale Image Classification},
  booktitle = {ECCV},
  year      = {2010},
}

@InProceedings{Krizhevsky2012,
  author    = {Alex Krizhevsky and IIya Sutskever and Geoffrey E. Hinton},
  title     = {Imagenet classification with deep convolutional neural networks},
  booktitle = {Advances in Neural Information Processing Systems},
  year      = {2012},
}

@InProceedings{Zeiler2014,
  author    = {Matthew D. Zeiler and Rob Fergus},
  title     = {Visualizing and understanding convolutional networks},
  booktitle = {In Computer Vision - ECCV 2014},
  year      = {2014},
}

@Misc{Felzenszwalb2010,
  author = {Pedro F. Felzenszwalb and Ross B. Girshick and David McAllester and Deva Ramanan},
  title  = {Object Detection with Discriminatively Trained Part Based Models},
  year   = {2010},
}

@Article{Redmon2015,
  author  = {Joseph Redmon and Santosh Kumar Divvala and Ross B. Girshick and Ali Farhadi},
  title   = {You Only Look Once: Unified, Real-Time Object Detection},
  journal = {CoRR},
  year    = {2015},
}

@Article{Liu2015,
  author  = {Wei Liu and Dragomir Anguelov and Dumitru Erhan and Christian Szegedy and Scott E. Reed and Cheng-Yang Fu and Alexander C. Berg},
  title   = {SSD: Single Shot MultiBox Detector},
  journal = {CoRR},
  year    = {2015},
}

@Article{Ren2015,
  author  = {Shaoquing Ren and Kaiming He and Ross B. Girshick and Jian Sun},
  title   = {Faster R-CNN: Towards Real-Time Object Detection with Regional Proposal Networks},
  journal = {CoRR},
  year    = {2015},
}

@Article{Girshick2013,
  author  = {Ross B. Girshick and Jeff Donahue and Trevor Darrell and Jitendra Malik},
  title   = {Rich feature hierarchies for accurate object detection and semantic segmentation},
  journal = {CoRR},
  year    = {2013},
}

@Article{Simonyan2014,
  author  = {Karen Simonyan and Andrew Zisserman},
  title   = {Very Deep Convolutional Networks for Large-Scale Image Recognition},
  journal = {CoRR},
  year    = {2014},
}

@misc{tensorflow2015-whitepaper,
title={ {TensorFlow}: Large-Scale Machine Learning on Heterogeneous Systems},
url={http://tensorflow.org/},
note={Software available from tensorflow.org},
author={
    Mart\'{\i}n~Abadi et al.},
  year={2015},
}

@MISC{Gu_recognitionusing,
    author = {Chunhui Gu and Joseph J. Lim and Pablo Arbeláez and Jitendra Malik},
    title = {Recognition using Regions },
    year = {}
}

@INPROCEEDINGS{Goodfellow_multi-digitnumber,
    author = {Ian J. Goodfellow and Yaroslav Bulatov and Julian Ibarz and Sacha Arnoud and Vinay Shet},
    title = {Multi-digit number recognition from street view imagery using deep convolutional neural networks},
    booktitle = {In ICLR, 2014b},
    year = {}
}

@Comment{jabref-meta: databaseType:bibtex;}


@misc{van2010documentation,
  title={Documentation for fancybox. sty: Box tips and tricks for LATEX},
  author={Van Zandt, Timothy and VAN, Timothy},
  year={2010},
  publisher={Version}
}